@article{R-CNN,
author = {Girshick, Ross and Donahue, Jeff and Darrell, Trevor and Malik, Jitendra},
title = {Rich Feature Hierarchies for Accurate Object Detection and Semantic Segmentation},
booktitle = {Proceedings of the IEEE Conference on Computer Vision and Pattern Recognition (CVPR)},
month = {June},
year = {2014}
}

@article{FastR-CNN,
  title={Fast R-CNN},
  author={Girshick, Ross},
  booktitle={Proceedings of the IEEE international conference on computer vision},
  pages={1440--1448},
  year={2015}
}

@article{FasterR-CNN,
  title={Faster r-cnn: Towards real-time object detection with region proposal networks},
  author={Ren, Shaoqing and He, Kaiming and Girshick, Ross and Sun, Jian},
  journal={arXiv preprint arXiv:1506.01497},
  year={2015}
}

@article{Yolov2,
  title={YOLO9000: better, faster, stronger},
  author={Redmon, Joseph and Farhadi, Ali},
  booktitle={Proceedings of the IEEE conference on computer vision and pattern recognition},
  pages={7263--7271},
  year={2017}
}

@inproceedings{SSD,
  title={Ssd: Single shot multibox detector},
  author={Liu, Wei and Anguelov, Dragomir and Erhan, Dumitru and Szegedy, Christian and Reed, Scott and Fu, Cheng-Yang and Berg, Alexander C},
  booktitle={European conference on computer vision},
  pages={21--37},
  year={2016},
  organization={Springer}
}

@InProceedings{BAM,
    author = {Wilber, Michael J. and Fang, Chen and Jin, Hailin and Hertzmann, Aaron and Collomosse, John and Belongie, Serge},
    title = {BAM! The Behance Artistic Media Dataset for Recognition Beyond Photography},
    booktitle = {The IEEE International Conference on Computer Vision (ICCV)},
    month = {Oct},
    year = {2017}
}

@inproceedings{CrossDomObjDet,
  title={Cross-domain weakly-supervised object detection through progressive domain adaptation},
  author={Inoue, Naoto and Furuta, Ryosuke and Yamasaki, Toshihiko and Aizawa, Kiyoharu},
  booktitle={Proceedings of the IEEE conference on computer vision and pattern recognition},
  pages={5001--5009},
  year={2018}
}

@article{DASurvey,
  title={Deep visual domain adaptation: A survey},
  author={Wang, Mei and Deng, Weihong},
  journal={Neurocomputing},
  volume={312},
  pages={135--153},
  year={2018},
  publisher={Elsevier}
}

@article{VOC,
  title={The pascal visual object classes (voc) challenge},
  author={Everingham, Mark and Van Gool, Luc and Williams, Christopher KI and Winn, John and Zisserman, Andrew},
  journal={International journal of computer vision},
  volume={88},
  number={2},
  pages={303--338},
  year={2010},
  publisher={Springer}
}

@inproceedings{CGAN,
  title={Unpaired image-to-image translation using cycle-consistent adversarial networks},
  author={Zhu, Jun-Yan and Park, Taesung and Isola, Phillip and Efros, Alexei A},
  booktitle={Proceedings of the IEEE international conference on computer vision},
  pages={2223--2232},
  year={2017}
}

@inproceedings{AdaIN,
  title={Arbitrary style transfer in real-time with adaptive instance normalization},
  author={Huang, Xun and Belongie, Serge},
  booktitle={Proceedings of the IEEE International Conference on Computer Vision},
  pages={1501--1510},
  year={2017}
}

@article{17,
  title={Fcns in the wild: Pixel-level adversarial and constraint-based adaptation},
  author={Hoffman, Judy and Wang, Dequan and Yu, Fisher and Darrell, Trevor},
  journal={arXiv preprint arXiv:1612.02649},
  year={2016}
}

@inproceedings{18,
  title={Curriculum domain adaptation for semantic segmentation of urban scenes},
  author={Zhang, Yang and David, Philip and Gong, Boqing},
  booktitle={Proceedings of the IEEE International Conference on Computer Vision},
  pages={2020--2030},
  year={2017}
}

@inproceedings{19,
  title={Domain adaptive faster r-cnn for object detection in the wild},
  author={Chen, Yuhua and Li, Wen and Sakaridis, Christos and Dai, Dengxin and Van Gool, Luc},
  booktitle={Proceedings of the IEEE conference on computer vision and pattern recognition},
  pages={3339--3348},
  year={2018}
}

@article{21,
  title={Unsupervised representation learning by predicting image rotations},
  author={Gidaris, Spyros and Singh, Praveer and Komodakis, Nikos},
  journal={arXiv preprint arXiv:1803.07728},
  year={2018}
}

@inproceedings{22,
  title={Learning image representations by completing damaged jigsaw puzzles},
  author={Kim, Dahun and Cho, Donghyeon and Yoo, Donggeun and Kweon, In So},
  booktitle={2018 IEEE Winter Conference on Applications of Computer Vision (WACV)},
  pages={793--802},
  year={2018},
  organization={IEEE}
}

@inproceedings{23,
  title={Revisiting self-supervised visual representation learning},
  author={Kolesnikov, Alexander and Zhai, Xiaohua and Beyer, Lucas},
  booktitle={Proceedings of the IEEE/CVF Conference on Computer Vision and Pattern Recognition},
  pages={1920--1929},
  year={2019}
}

@article{24,
  title={Self-supervised domain adaptation for computer vision tasks},
  author={Xu, Jiaolong and Xiao, Liang and L{\'o}pez, Antonio M},
  journal={IEEE Access},
  volume={7},
  pages={156694--156706},
  year={2019},
  publisher={IEEE}
}

@inproceedings{prof1,
  title={Domain generalization by solving jigsaw puzzles},
  author={Carlucci, Fabio M and D'Innocente, Antonio and Bucci, Silvia and Caputo, Barbara and Tommasi, Tatiana},
  booktitle={Proceedings of the IEEE/CVF Conference on Computer Vision and Pattern Recognition},
  pages={2229--2238},
  year={2019}
}

@misc{shallowOD,
  title={VOC leaderboard},
  howpublished = {\url{http://host.robots.ox.ac.uk/pascal/VOC/voc2011/results/index.html}}
  }
  
@article{vgg,
    title={Imagenet large scale visual recognition challenge},
    author={Russakovsky, Olga and Deng, Jia and Su, Hao and Krause, Jonathan and Satheesh, Sanjeev and Ma, Sean and Huang, Zhiheng and Karpathy, Andrej and Khosla, Aditya and Bernstein, Michael and others},
    journal={International journal of computer vision},
    volume={115},
    number={3},
    pages={211--252},
    year={2015},
    publisher={Springer}
}

@misc{zhao2019learning,
      title={On Learning Invariant Representation for Domain Adaptation}, 
      author={Han Zhao and Remi Tachet des Combes and Kun Zhang and Geoffrey J. Gordon},
      year={2019},
      eprint={1901.09453},
      archivePrefix={arXiv},
      primaryClass={cs.LG}
}

@misc{lufficc2018ssd,
    author = {Congcong Li},
    title = {{High quality, fast, modular reference implementation of SSD in PyTorch}},
    year = {2018},
    howpublished = {\url{https://github.com/lufficc/SSD}}
}

@misc{choi2018stargan,
      title={StarGAN: Unified Generative Adversarial Networks for Multi-Domain Image-to-Image Translation}, 
      author={Yunjey Choi and Minje Choi and Munyoung Kim and Jung-Woo Ha and Sunghun Kim and Jaegul Choo},
      year={2018},
      eprint={1711.09020},
      archivePrefix={arXiv},
      primaryClass={cs.CV}
}

@misc{lee2018diverse,
      title={Diverse Image-to-Image Translation via Disentangled Representations}, 
      author={Hsin-Ying Lee and Hung-Yu Tseng and Jia-Bin Huang and Maneesh Kumar Singh and Ming-Hsuan Yang},
      year={2018},
      eprint={1808.00948},
      archivePrefix={arXiv},
      primaryClass={cs.CV}
}

@misc{liu2018unsupervised,
      title={Unsupervised Image-to-Image Translation Networks}, 
      author={Ming-Yu Liu and Thomas Breuel and Jan Kautz},
      year={2018},
      eprint={1703.00848},
      archivePrefix={arXiv},
      primaryClass={cs.CV}
}

@misc{denton2015deep,
      title={Deep Generative Image Models using a Laplacian Pyramid of Adversarial Networks}, 
      author={Emily Denton and Soumith Chintala and Arthur Szlam and Rob Fergus},
      year={2015},
      eprint={1506.05751},
      archivePrefix={arXiv},
      primaryClass={cs.CV}
}

@misc{goodfellow2014generative,
      title={Generative Adversarial Networks}, 
      author={Ian J. Goodfellow and Jean Pouget-Abadie and Mehdi Mirza and Bing Xu and David Warde-Farley and Sherjil Ozair and Aaron Courville and Yoshua Bengio},
      year={2014},
      eprint={1406.2661},
      archivePrefix={arXiv},
      primaryClass={stat.ML}
}

@misc{mirza2014conditional,
      title={Conditional Generative Adversarial Nets}, 
      author={Mehdi Mirza and Simon Osindero},
      year={2014},
      eprint={1411.1784},
      archivePrefix={arXiv},
      primaryClass={cs.LG}
}

@misc{ganin2016domainadversarial,
      title={Domain-Adversarial Training of Neural Networks}, 
      author={Yaroslav Ganin and Evgeniya Ustinova and Hana Ajakan and Pascal Germain and Hugo Larochelle and Fran√ßois Laviolette and Mario Marchand and Victor Lempitsky},
      year={2016},
      eprint={1505.07818},
      archivePrefix={arXiv},
      primaryClass={stat.ML}
}

@book{Goodfellow-et-al-2016,
    title={Deep Learning},
    author={Ian Goodfellow and Yoshua Bengio and Aaron Courville},
    publisher={MIT Press},
    note={\url{http://www.deeplearningbook.org}},
    year={2016}
}

@ARTICLE{5288526,  author={S. J. {Pan} and Q. {Yang}},  journal={IEEE Transactions on Knowledge and Data Engineering},   title={A Survey on Transfer Learning},   year={2010},  volume={22},  number={10},  pages={1345-1359},  doi={10.1109/TKDE.2009.191}}

@misc{long2015learning,
      title={Learning Transferable Features with Deep Adaptation Networks}, 
      author={Mingsheng Long and Yue Cao and Jianmin Wang and Michael I. Jordan},
      year={2015},
      eprint={1502.02791},
      archivePrefix={arXiv},
      primaryClass={cs.LG}
}

@article{36364,
title	= {A theory of learning from different domains},
author	= {Shai Ben-David and John Blitzer and Koby Crammer and Alex Kulesza and Fernando Pereira and Jennifer Vaughan},
year	= {2010},
URL	= {http://www.springerlink.com/content/q6qk230685577n52/},
journal	= {Machine Learning},
pages	= {151--175},
volume	= {79}
}

@misc{long2018conditional,
      title={Conditional Adversarial Domain Adaptation}, 
      author={Mingsheng Long and Zhangjie Cao and Jianmin Wang and Michael I. Jordan},
      year={2018},
      eprint={1705.10667},
      archivePrefix={arXiv},
      primaryClass={cs.LG}
}

@misc{bousmalis2017using,
      title={Using Simulation and Domain Adaptation to Improve Efficiency of Deep Robotic Grasping}, 
      author={Konstantinos Bousmalis and Alex Irpan and Paul Wohlhart and Yunfei Bai and Matthew Kelcey and Mrinal Kalakrishnan and Laura Downs and Julian Ibarz and Peter Pastor and Kurt Konolige and Sergey Levine and Vincent Vanhoucke},
      year={2017},
      eprint={1709.07857},
      archivePrefix={arXiv},
      primaryClass={cs.LG}
}
@INPROCEEDINGS{8578386,  author={Z. {Cao} and M. {Long} and J. {Wang} and M. I. {Jordan}},  booktitle={2018 IEEE/CVF Conference on Computer Vision and Pattern Recognition},   title={Partial Transfer Learning with Selective Adversarial Networks},   year={2018},  volume={},  number={},  pages={2724-2732},  doi={10.1109/CVPR.2018.00288}}

@misc{pasqualino2020unsupervised,
      title={An Unsupervised Domain Adaptation Scheme for Single-Stage Artwork Recognition in Cultural Sites}, 
      author={Giovanni Pasqualino and Antonino Furnari and Giovanni Signorello and Giovanni Maria Farinella},
      year={2020},
      eprint={2008.01882},
      archivePrefix={arXiv},
      primaryClass={cs.CV}
}

@misc{shan2019pixel,
      title={Pixel and Feature Level Based Domain Adaption for Object Detection in Autonomous Driving}, 
      author={Yuhu Shan and Wen Feng Lu and Chee Meng Chew},
      year={2019},
      eprint={1810.00345},
      archivePrefix={arXiv},
      primaryClass={cs.CV}
}

@misc{ganin2015unsupervised,
      title={Unsupervised Domain Adaptation by Backpropagation}, 
      author={Yaroslav Ganin and Victor Lempitsky},
      year={2015},
      eprint={1409.7495},
      archivePrefix={arXiv},
      primaryClass={stat.ML}
}

@misc{ghifary2016deep,
      title={Deep Reconstruction-Classification Networks for Unsupervised Domain Adaptation}, 
      author={Muhammad Ghifary and W. Bastiaan Kleijn and Mengjie Zhang and David Balduzzi and Wen Li},
      year={2016},
      eprint={1607.03516},
      archivePrefix={arXiv},
      primaryClass={cs.CV}
}

@misc{gretton2008kernel,
      title={A Kernel Method for the Two-Sample Problem}, 
      author={Arthur Gretton and Karsten Borgwardt and Malte J. Rasch and Bernhard Scholkopf and Alexander J. Smola},
      year={2008},
      eprint={0805.2368},
      archivePrefix={arXiv},
      primaryClass={cs.LG}
}

@article{JMLR:v13:gretton12a,
  author  = {Arthur Gretton and Karsten M. Borgwardt and Malte J. Rasch and Bernhard Sch{{\"o}}lkopf and Alexander Smola},
  title   = {A Kernel Two-Sample Test},
  journal = {Journal of Machine Learning Research},
  year    = {2012},
  volume  = {13},
  number  = {25},
  pages   = {723-773},
  url     = {http://jmlr.org/papers/v13/gretton12a.html}
}

@misc{li2020gan,
      title={GAN Compression: Efficient Architectures for Interactive Conditional GANs}, 
      author={Muyang Li and Ji Lin and Yaoyao Ding and Zhijian Liu and Jun-Yan Zhu and Song Han},
      year={2020},
      eprint={2003.08936},
      archivePrefix={arXiv},
      primaryClass={cs.CV}
}

@misc{isola2018imagetoimage,
      title={Image-to-Image Translation with Conditional Adversarial Networks}, 
      author={Phillip Isola and Jun-Yan Zhu and Tinghui Zhou and Alexei A. Efros},
      year={2018},
      eprint={1611.07004},
      archivePrefix={arXiv},
      primaryClass={cs.CV}
}

@misc{benaim2017onesided,
      title={One-Sided Unsupervised Domain Mapping}, 
      author={Sagie Benaim and Lior Wolf},
      year={2017},
      eprint={1706.00826},
      archivePrefix={arXiv},
      primaryClass={cs.CV}
}

@misc{fu2018geometryconsistent,
      title={Geometry-Consistent Generative Adversarial Networks for One-Sided Unsupervised Domain Mapping}, 
      author={Huan Fu and Mingming Gong and Chaohui Wang and Kayhan Batmanghelich and Kun Zhang and Dacheng Tao},
      year={2018},
      eprint={1809.05852},
      archivePrefix={arXiv},
      primaryClass={cs.CV}
}

@misc{hoffman2017cycada,
      title={CyCADA: Cycle-Consistent Adversarial Domain Adaptation}, 
      author={Judy Hoffman and Eric Tzeng and Taesung Park and Jun-Yan Zhu and Phillip Isola and Kate Saenko and Alexei A. Efros and Trevor Darrell},
      year={2017},
      eprint={1711.03213},
      archivePrefix={arXiv},
      primaryClass={cs.CV}
}

@misc{bousmalis2017unsupervised,
      title={Unsupervised Pixel-Level Domain Adaptation with Generative Adversarial Networks}, 
      author={Konstantinos Bousmalis and Nathan Silberman and David Dohan and Dumitru Erhan and Dilip Krishnan},
      year={2017},
      eprint={1612.05424},
      archivePrefix={arXiv},
      primaryClass={cs.CV}
}

@misc{tzeng2017adversarial,
      title={Adversarial Discriminative Domain Adaptation}, 
      author={Eric Tzeng and Judy Hoffman and Kate Saenko and Trevor Darrell},
      year={2017},
      eprint={1702.05464},
      archivePrefix={arXiv},
      primaryClass={cs.CV}
}

@misc{cordts2016cityscapes,
      title={The Cityscapes Dataset for Semantic Urban Scene Understanding}, 
      author={Marius Cordts and Mohamed Omran and Sebastian Ramos and Timo Rehfeld and Markus Enzweiler and Rodrigo Benenson and Uwe Franke and Stefan Roth and Bernt Schiele},
      year={2016},
      eprint={1604.01685},
      archivePrefix={arXiv},
      primaryClass={cs.CV}
}

@misc{chen2018domain,
      title={Domain Adaptive Faster R-CNN for Object Detection in the Wild}, 
      author={Yuhua Chen and Wen Li and Christos Sakaridis and Dengxin Dai and Luc Van Gool},
      year={2018},
      eprint={1803.03243},
      archivePrefix={arXiv},
      primaryClass={cs.CV}
}
@misc{li2018semanticaware,
      title={Semantic-aware Grad-GAN for Virtual-to-Real Urban Scene Adaption}, 
      author={Peilun Li and Xiaodan Liang and Daoyuan Jia and Eric P. Xing},
      year={2018},
      eprint={1801.01726},
      archivePrefix={arXiv},
      primaryClass={cs.CV}
}
@misc{zheng2020rectifying,
      title={Rectifying Pseudo Label Learning via Uncertainty Estimation for Domain Adaptive Semantic Segmentation}, 
      author={Zhedong Zheng and Yi Yang},
      year={2020},
      eprint={2003.03773},
      archivePrefix={arXiv},
      primaryClass={cs.CV}
}

@misc{huang2018multimodal,
      title={Multimodal Unsupervised Image-to-Image Translation}, 
      author={Xun Huang and Ming-Yu Liu and Serge Belongie and Jan Kautz},
      year={2018},
      eprint={1804.04732},
      archivePrefix={arXiv},
      primaryClass={cs.CV}
}